@article{agakov2004algorithm,
  title={The {IM} algorithm: a variational approach to information maximization},
  author={Barber, David and Agakov, Felix},
  journal={{NIPS}},
  volume={16},
  pages={201},
  year={2004}
}

@ARTICLE{minka01uai,
  author = {T. P. Minka},
  title = {{E}xpectation {P}ropagation for approximate {B}ayesian inference.},
  journal = {{UAI}},
  year = {2001},
  volume = {17},
  pages = {362--369}
}

@ARTICLE{heskes_zoeter,
  author = {T. Heskes and O. Zoeter.},
  title = {{E}xpectation {P}ropagation for approximate inference in dynamic
	{B}ayesian Networks},
  journal = {{UAI}},
  year = {2002},
  volume = {18},
  pages = {216--223}
}

@TECHREPORT{wainwright_jordan,
  author = {M. J. Wainwright and M. I. Jordan},
  title = {Graphical models, exponential families, and variational inference},
  institution = {UC Berkeley, Dept. of Statistics},
  year = {2003}
}

@article{zoeter2005gaussian,
  title={{G}Aussian quadrature based expectation propagation},
  author={Zoeter, O. R. and Heskes, T. M.},
  year={2005},
  editor={Ghahramani, Z. and Cowell, Z.},
  journal={Workshop on Artificial Intelligence and Statistics},
  publisher={New Jersey: Society for Artificial Intelligence and Statistics}
}

@article{seeger2008bayesian,
  title={Bayesian inference and optimal design for the sparse linear model},
  author={Seeger, Matthias W},
  journal={Journal of Machine Learning Research},
  volume={9},
  number={Apr},
  pages={759--813},
  year={2008}
}

@article{steinke2007experimental,
  title={Experimental design for efficient identification of gene regulatory networks using sparse Bayesian models},
  author={Steinke, Florian and Seeger, Matthias and Tsuda, Koji},
  journal={BMC systems biology},
  volume={1},
  number={1},
  pages={51},
  year={2007},
  publisher={BioMed Central}
}

@article{kitagawa1996monte,
  title={Monte Carlo filter and smoother for non-Gaussian nonlinear state space models},
  author={Kitagawa, Genshiro},
  journal={Journal of computational and graphical statistics},
  volume={5},
  number={1},
  pages={1--25},
  year={1996},
  publisher={Taylor \& Francis Group}
}

@inproceedings{gordon1993novel,
  title={Novel approach to nonlinear/non-Gaussian Bayesian state estimation},
  author={Gordon, Neil J and Salmond, David J and Smith, Adrian FM},
  booktitle={IEE Proceedings F (Radar and Signal Processing)},
  volume={140},
  pages={107--113},
  year={1993},
  organization={IET}
}

@article{cappe2007overview,
  title={An overview of existing methods and recent advances in sequential Monte Carlo},
  author={Capp{\'e}, Olivier and Godsill, Simon J and Moulines, Eric},
  journal={Proceedings of the IEEE},
  volume={95},
  number={5},
  pages={899--924},
  year={2007},
  publisher={IEEE}
}

@article{flaherty2005latent,
  title={A latent variable model for chemogenomic profiling},
  author={Flaherty, Patrick and Giaever, Guri and Kumm, Jochen and Jordan, Michael I and Arkin, Adam P},
  journal={Bioinformatics},
  volume={21},
  number={15},
  pages={3286--3293},
  year={2005},
  publisher={Oxford University Press}
}

@article{blei2003latent,
  title={Latent dirichlet allocation},
  author={Blei, David M and Ng, Andrew Y and Jordan, Michael I},
  journal={Journal of machine Learning research},
  volume={3},
  number={Jan},
  pages={993--1022},
  year={2003}
}

@article{griffiths2004finding,
  title={Finding scientific topics},
  author={Griffiths, Thomas L and Steyvers, Mark},
  journal={Proceedings of the National academy of Sciences},
  volume={101},
  number={suppl 1},
  pages={5228--5235},
  year={2004},
  publisher={National Acad Sciences}
}

@inproceedings{blackwell50,
  author =	 {Blackwell, D.},
  title =	 {Comparison of Experiments},
  booktitle =	 {2nd BSMSP},
  pages =	 {93--102},
  year =	 1950,
  editor =	 {Neyman, Jerzy},
  address =	 {Berkeley, CA},
  month =	 {August},
  organization = {UC Berkeley}
}

@article{lindley56,
  ISSN =	 {0003-4851},
  author =	 {Lindley, D. V.},
  copyright =	 {Copyright 1956 Institute of Mathematical Statistics},
  journal =	 {The Annals of Mathematical Statistics},
  month =	 {December},
  number =	 4,
  pages =	 {986--1005},
  publisher =	 {Institute of Mathematical Statistics},
  title =	 {On a Measure of the Information Provided by an Experiment},
  volume =	 27,
  year =	 1956,
  pdf = lindley56.pdf
}

@article{bernardo79a,
	title = {{Expected Information as Expected Utility}},
	author = {Bernardo, J. M.},
	journal = {Ann. Stat.},
	volume = {7},
	number = {3},
	pages = {686--690},
	month =	 {May},
	year = {1979},
	publisher = {Institute of Mathematical Statistics}
}

@inproceedings{zheng2018robust,
  title={A Robust Approach to Sequential Information Theoretic Planning},
  author={Zheng, Sue and Pacheco, Jason and Fisher, John},
  booktitle={International Conference on Machine Learning},
  pages={5936--5944},
  year={2018}
}

@inproceedings{rainforth2018nesting,
  title={On nesting Monte Carlo estimators},
  author={Rainforth, Tom and Cornish, Robert and Yang, Hongseok and Warrington, Andrew},
  booktitle={International Conference on Machine Learning},
  pages={4264--4273},
  year={2018}
}

@inproceedings{giordano2015linear,
  title={Linear response methods for accurate covariance estimates from mean field variational Bayes},
  author={Giordano, Ryan J and Broderick, Tamara and Jordan, Michael I},
  booktitle={Advances in Neural Information Processing Systems},
  pages={1441--1449},
  year={2015}
}

@article{turner2011two,
  title={Two problems with variational expectation maximisation for time-series models},
  author={Turner, Richard E and Sahani, Maneesh},
  journal={Bayesian Time series models},
  volume={1},
  number={3.1},
  pages={3--1},
  year={2011},
  publisher={Cambridge, UK: Cambridge Univ. Press}
}

@incollection{jaakkola1998improving,
  title={Improving the mean field approximation via the use of mixture distributions},
  author={Jaakkola, Tommi S and Jordan, Michael I},
  booktitle={Learning in graphical models},
  pages={163--173},
  year={1998},
  publisher={Springer}
}

@article{chen2018learning,
  title={Learning to Explain: An Information-Theoretic Perspective on Model Interpretation},
  author={Chen, Jianbo and Song, Le and Wainwright, Martin J and Jordan, Michael I},
  journal={arXiv preprint arXiv:1802.07814},
  year={2018}
}

@inproceedings{mohamed2015variational,
  title={Variational information maximisation for intrinsically motivated reinforcement learning},
  author={Mohamed, Shakir and Rezende, Danilo Jimenez},
  booktitle={Advances in neural information processing systems},
  pages={2125--2133},
  year={2015}
}

@inproceedings{gao2016variational,
  title={Variational information maximization for feature selection},
  author={Gao, Shuyang and Ver Steeg, Greg and Galstyan, Aram},
  booktitle={Advances in neural information processing systems},
  pages={487--495},
  year={2016}
}

@article{settles2012active,
  title={Active learning},
  author={Settles, Burr},
  journal={Synthesis Lectures on Artificial Intelligence and Machine Learning},
  volume={6},
  number={1},
  pages={1--114},
  year={2012},
  publisher={Morgan \& Claypool Publishers}
}

@article{stephens2000dealing,
  title={Dealing with label switching in mixture models},
  author={Stephens, Matthew},
  journal={Journal of the Royal Statistical Society: Series B (Statistical Methodology)},
  volume={62},
  number={4},
  pages={795--809},
  year={2000},
  publisher={Wiley Online Library}
}

@book{sutton1998reinforcement,
  title={Reinforcement learning: An introduction},
  author={Sutton, Richard S and Barto, Andrew G and Bach, Francis and others},
  year={1998},
  publisher={MIT press}
}
	