@article{agakov2004algorithm,
  title={The {IM} algorithm: a variational approach to information maximization},
  author={Barber, David and Agakov, Felix},
  journal={{NIPS}},
  volume={16},
  pages={201},
  year={2004}
}

@ARTICLE{minka01uai,
  author = {T. P. Minka},
  title = {{E}xpectation {P}ropagation for approximate {B}ayesian inference.},
  journal = {{UAI}},
  year = {2001},
  volume = {17},
  pages = {362--369}
}

@ARTICLE{heskes_zoeter,
  author = {T. Heskes and O. Zoeter.},
  title = {{E}xpectation {P}ropagation for approximate inference in dynamic
	{B}ayesian Networks},
  journal = {{UAI}},
  year = {2002},
  volume = {18},
  pages = {216--223}
}

@TECHREPORT{wainwright_jordan,
  author = {M. J. Wainwright and M. I. Jordan},
  title = {Graphical models, exponential families, and variational inference},
  institution = {UC Berkeley, Dept. of Statistics},
  year = {2003}
}

@article{zoeter2005gaussian,
  title={{G}Aussian quadrature based expectation propagation},
  author={Zoeter, O. R. and Heskes, T. M.},
  year={2005},
  editor={Ghahramani, Z. and Cowell, Z.},
  journal={Workshop on Artificial Intelligence and Statistics},
  publisher={New Jersey: Society for Artificial Intelligence and Statistics}
}